<record xmlns="http://www.loc.gov/MARC21/slim" xmlns:xsi="http://www.w3.org/2001/XMLSchema-instance" xsi:schemaLocation="http://www.loc.gov/MARC21/slim http://www.loc.gov/standards/marcxml/schema/MARC21slim.xsd">

  <leader>00751nam a2200205Ia 4500</leader>
  <datafield tag="999" ind1=" " ind2=" ">
    <subfield code="c">774</subfield>
    <subfield code="d">774</subfield>
  </datafield>
  <controlfield tag="008">170628b2002    cr ||||| |||| 00| | spa d</controlfield>
  <datafield tag="020" ind1=" " ind2=" ">
    <subfield code="a">9968100420</subfield>
  </datafield>
  <datafield ind1=" " tag="090" ind2=" ">
    <subfield code="a">06.03.06 </subfield>
    <subfield code="b">423</subfield>
  </datafield>
  <datafield ind2=" " ind1="1" tag="100">
    <subfield code="a">Rivera, Amada Guillermina</subfield>
    <subfield code="9">2613</subfield>
  </datafield>
  <datafield ind1="1" tag="245" ind2="3">
    <subfield code="a">La enseñanza del idioma: un enfoque comunicativo integral en la formación docente / </subfield>
    <subfield code="c">Amada Guillermina Rivera</subfield>
  </datafield>
  <datafield tag="260" ind1=" " ind2=" ">
    <subfield code="a">San José, Costa Rica : </subfield>
    <subfield code="b">CECC, </subfield>
    <subfield code="c">2002</subfield>
  </datafield>
  <datafield ind2=" " tag="300" ind1=" ">
    <subfield code="a">150 páginas</subfield>
  </datafield>
  <datafield tag="490" ind1=" " ind2=" ">
    <subfield code="a">Colección Pedagógica Formación Inicial de Docentes Centroamericanos de Educación Primaria o Básica,</subfield>
    <subfield code="v">26</subfield>
  </datafield>
  <datafield ind2="4" ind1="1" tag="650">
    <subfield code="a">EDUCACIÓN PRIMARIA</subfield>
    <subfield code="9">367</subfield>
  </datafield>
  <datafield ind2="4" tag="650" ind1="1">
    <subfield code="a">ESPAÑOL</subfield>
    <subfield code="9">36</subfield>
  </datafield>
  <datafield ind2="4" ind1="1" tag="650">
    <subfield code="a">LENGUAJE </subfield>
    <subfield code="9">889</subfield>
  </datafield>
  <datafield tag="650" ind1="1" ind2="4">
    <subfield code="a">FORMACIÓN DE DOCENTES</subfield>
    <subfield code="9">9</subfield>
  </datafield>
  <datafield ind2="4" ind1=" " tag="651">
    <subfield code="a">AMÉRICA CENTRAL</subfield>
    <subfield code="9">457</subfield>
  </datafield>
  <datafield ind2=" " tag="942" ind1=" ">
    <subfield code="2">z</subfield>
    <subfield code="c">01</subfield>
  </datafield>
</record>